@article{amft2009backpacks,
  title={From Backpacks to Smartphones: Past, Present, and Future of Wearable Computers.},
  author={Amft, Oliver and Lukowicz, Paul},
  journal={IEEE Pervasive Computing},
  volume={8},
  number={3},
  pages={8--13},
  year={2009}
}